@ARTICLE{time_offset, 
author={F. {Gardner}}, 
journal={IEEE Transactions on Communications}, 
title={{A BPSK/QPSK Timing-Error Detector for Sampled Receivers}}, 
year={1986}, 
volume={34}, 
number={5}, 
pages={423-429}, 
url   = {https://doi.org/10.1109/TCOM.1986.1096561},
ISSN={0090-6778}, 
month={May},}

@ARTICLE{freq_offset, 
author={M. {Luise} and R. {Reggiannini}}, 
journal={IEEE Transactions on Communications}, 
title={{Carrier frequency recovery in all-digital modems for burst-mode transmissions}}, 
year={1995}, 
volume={43}, 
number={2/3/4}, 
pages={1169-1178}, 
url   = {https://doi.org/10.1109/26.380149},
ISSN={0090-6778}, 
month={Feb},}

@article{phase_offset,
author = {Casini, E. and Gaudenzi, R. De and Ginesi, A.},
title = {{DVB-S2 modem algorithms design and performance over typical satellite channels}},
journal = {International Journal of Satellite Communications and Networking},
volume = {22},
number = {3},
pages = {281-318},
keywords = {broadband communications, digital pre-distortion, nonlinear satellite channels, satellite digital 
broadcasting, synchronization},
doi = {10.1002/sat.791},
url = {https://onlinelibrary.wiley.com/doi/abs/10.1002/sat.791},
eprint = {https://onlinelibrary.wiley.com/doi/pdf/10.1002/sat.791},
year = {2004}
}


@ARTICLE{agc, 
author={R. {De Gaudenzi} and M. {Luise}}, 
journal={IEEE Transactions on Communications}, 
title={{Analysis and design of an all-digital demodulator for trellis coded 16-QAM transmission over a nonlinear satellite channel}}, 
year={1995}, 
volume={43}, 
number={2/3/4}, 
pages={659-668},  
url   = {https://doi.org/10.1109/26.380085},
doi={10.1109/26.380085}, 
ISSN={0090-6778}, 
month={Feb},}


@INPROCEEDINGS{frame_offset, 
author={H. {Miyashiro} and E. {Boutillon} and C. {Roland} and J. {Vilca} and D. {DÃ­az}}, 
booktitle={2016 IEEE International Workshop on Signal Processing Systems (SiPS)}, 
title={{Improved Multiplierless Architecture for Header Detection in DVB-S2 Standard}}, 
year={2016}, 
volume={}, 
number={}, 
pages={248-253}, 
keywords={}, 
doi={10.1109/SiPS.2016.51}, 
url   = {https://doi.org/10.1109/SiPS.2016.51},
ISSN={2374-7390}, 
month={Oct},}


@INPROCEEDINGS{dfse_viterbi,
author={B. W. {Peterson} and D. R. {Stephens} and W. H. {Tranter}},
booktitle={MILCOM 2002. Proceedings},
title={{DFSE} equalization of dual-h {CPM} over {UHF MILSATCOM} channels}},
year={2002},
volume={2},
number={},
pages={1406-1411 vol.2},
keywords={decision feedback equalisers;military communication;continuous phase modulation;UHF radio propagation;data communication;satellite communication;military standards;sequential estimation;Monte Carlo methods;mobile radio;DFSE equalization;dual-h CPM;UHF MILSATCOM channels;data rate;MIL-STD-188-181B;continuous phase modulation;decision feedback sequence estimation;quaternary full response CPM waveform;performance evaluation;Monte-Carlo simulation;legacy waveforms;64 kbit/s;25 kHz;USA Councils;Satellite broadcasting;Military satellites;Transponders;Band pass filters;Bandwidth;Intersymbol interference;Equalizers;Chebyshev approximation;Assembly},
doi={10.1109/MILCOM.2002.1179688},
ISSN={},
month={Oct},}

@INPROCEEDINGS{kadel,
author={G. {Kadel}},
booktitle={1997 IEEE 47th Vehicular Technology Conference. Technology in Motion},
title={{Diversity and equalization in frequency domain a robust and flexible receiver technology for broadband mobile communication systems}},
year={1997},
volume={2},
number={},
pages={894-898 vol.2},
keywords={broadband networks;diversity reception;land mobile radio;equalisers;frequency-domain analysis;modulation;signal processing;time-varying channels;multipath channels;UHF radio propagation;radio receivers;personal communication networks;cellular radio;equalization;frequency domain;receiver technology;broadband mobile communication systems;block oriented single-carrier modulation;diversity;receiver performance;frequency-selective radio channels;time-variant radio channels;signal processing;personal communication services;broadband wireless networks;mobile multimedia applications;radio interface;channel models;multipath propagation;microcellular environment;6 MHz;2 GHz;Frequency domain analysis;Robustness;Wideband;Receivers;Transfer functions;Power system modeling;GSM;Equalizers;Broadband communication;Mobile communication},
doi={10.1109/VETEC.1997.600458},
ISSN={},
month={May},}

@INPROCEEDINGS{cmdd,
author={V. {Anis} and C. {Delaosa} and L. H. {Crockett} and S. {Weiss}},
booktitle={2018 IEEE Wireless Communications and Networking Conference (WCNC)},
title={{Energy-efficient implementation of a wideband transceiver system with per-band equalisation and synchronisation}},
year={2018},
volume={},
number={},
pages={1-6},
keywords={channel bank filters;discrete Fourier transforms;energy conservation;equalisers;field programmable gate arrays;modulation;radio spectrum management;radio transceivers;synchronisation;telecommunication power management;energy-efficient implementation;wideband transceiver system;per-band equalisation;TV white space spectrum;strict spectral masks;DFT-modulated filter-bank multicarrier system;TVWS channels;channel dispersion;filter banks;timing synchronisation;constant modulus algorithm;symbol-spaced equaliser;CM algorithm;field programmable gate array;frequency 470.0 MHz to 790.0 MHz;Transceivers;Synchronization;Baseband;OFDM;Conferences;Radio frequency;Prototypes},
doi={10.1109/WCNC.2018.8377441},
ISSN={},
month={April},}

@INPROCEEDINGS{brown,
author={C. {Brown} and P. J. {Vigneron}},
booktitle={2010 - MILCOM 2010 MILITARY COMMUNICATIONS CONFERENCE},
title={{Equalisation and iterative reception for spectrally efficient CPM in multipath environments}},
year={2010},
volume={},
number={},
pages={1719-1724},
keywords={channel estimation;continuous phase modulation;intersymbol interference;iterative decoding;military communication;multipath channels;radio receivers;radio reception;spectral analysis;UHF radio propagation;VHF radio propagation;wireless channels;iterative reception;spectrally efficient CPM;spectrally efficient continuous phase modulation waveform;narrowband tactical communication;UHF band;VHF band;intersymbol interference;multipath propagation;iterative receiver;iterative decoding;channel equalisation;multipath propagation;frequency 30 MHz to 400 MHz;Delay;Receivers;Bit error rate;AWGN;Iterative decoding},
doi={10.1109/MILCOM.2010.5680233},
ISSN={},
month={Oct},}

@ARTICLE{cir_sparse,
author={J. {Baek} and J. {Seo}},
journal={IEEE Transactions on Broadcasting},
title={{Improved CIR-Based Receiver Design for DVB-T2 System in Large Delay Spread Channels: Synchronization and Equalization}},
year={2011},
volume={57},
number={1},
pages={103-113},
keywords={digital video broadcasting;equalisers;OFDM modulation;radio receivers;synchronisation;transient response;CIR-based receiver design;DVB-T2 system;channel synchronization;channel equalization;orthogonal frequency division multiplexing receiver;OFDM;channel impulse response based synchronization;sparse equalization;single-input single-output transmission mode;SISO;multi-input single-output transmission mode;MISO;pilot-aided CIR estimation;symbol timing recovery;symbol timing offset;frequency interpolation filter;echo delay;single pre-echo channel;OFDM;Delay;Receivers;Estimation;Signal to noise ratio;DVB-T2;equalization;MISO;OFDM;symbol timing recovery},
doi={10.1109/TBC.2010.2094310},
ISSN={},
month={March},}

@INPROCEEDINGS{santella,
author={G. {Santella}},
booktitle={Proceedings of ICC/SUPERCOMM'94 - 1994 International Conference on Communications},
title={{OFDM with guard interval and sub-channel equalization in a 2-resolution transmission scheme for digital television broadcasting}},
year={1994},
volume={},
number={},
pages={374-380 vol.1},
keywords={frequency division multiplexing;digital television;television broadcasting;continuous phase modulation;equalisers;digital communication;fading;Rician channels;Rayleigh channels;error correction codes;OFDM;guard interval;sub-channel equalization;2-resolution transmission scheme;digital television broadcasting;digital terrestrial TV system;multiresolution transmission scheme;receiver portability;modulation system;computer simulation;interferences;multipath;orthogonal frequency division multiplexing;urban propagation environment;single frequency network;symbol period;bandwidth efficiency loss;time selectivity;technological limitations;complexity equaliser;frequency-selective channel;error reduction;TV broadcasting;OFDM modulation;Bandwidth;Directive antennas;Intersymbol interference;Propagation delay;Digital TV;TV receivers;Digital modulation;TV interference},
doi={10.1109/ICC.1994.368988},
ISSN={},
month={May},}

@ARTICLE{blind,
author={ {Chee-Siong Lee} and S. {Vlahoyiannatos} and L. {Hanzo}},
journal={IEEE Transactions on Broadcasting},
title={{Satellite based turbo-coded, blind-equalized 4-QAM and 16-QAM digital video broadcasting}},
year={2000},
volume={46},
number={1},
pages={23-33},
keywords={digital video broadcasting;quadrature amplitude modulation;modulation coding;blind equalisers;turbo codes;direct broadcasting by satellite;video codecs;dispersive channels;multipath channels;satellite based turbo-coded DVB;blind-equalized 4-QAM;blind-equalized 16-QAM;pan-European digital satellite video broadcasting;DVB-S;system performance;turbo coding;multi-level modulation;blind equalizers;convolutional codec;turbo codec;code rates;blind equalized 16-level modulation;bit rate;video quality;signal-to-noise ratio;SNR;transmitted power requirement;convolutional codes;dispersive two-path channel;Turbo codes;Quadrature phase shift keying;Satellite broadcasting;Digital video broadcasting;Convolutional codes;System performance;Blind equalizers;Convolution;Code standards;Digital modulation},
doi={10.1109/11.845862},
ISSN={},
month={March},}

@ARTICLE{chen,
author={L. {Chen} and O. {Julien} and P. {Thevenon} and D. {Serant} and A. G. {PeÃ±a} and H. {Kuusniemi}},
journal={IEEE Transactions on Broadcasting},
title={TOA Estimation for Positioning With DVB-T Signals in Outdoor Static Tests},
year={2015},
volume={61},
number={4},
pages={625-638},
keywords={digital television;multipath channels;radio receivers;software radio;time-of-arrival estimation;global positioning system time;signal-noise ratio condition;Southern France;delay tracking;first path acquisition;pilot detection;coarse symbol synchronization;software radio peripheral;DVB-T receiver;software defined radio;multipath error;pilot signal;European standard DVB-T signals;time of arrival estimation;wireless positioning;digital television signal;outdoor static tests;TOA estimation;OFDM;Digital video broadcasting;Synchronization;Software radio;Time of arrival estimation;Digital TV;Tracking loops;Digital TV;wireless positioning;orthogonal frequency division multiplexing (OFDM);software defined radio (SDR);time of arrival;delay locked loop;Digital TV;wireless positioning;orthogonal frequency division multiplexing (OFDM);software defined radio (SDR);time of arrival;delay locked loop},
doi={10.1109/TBC.2015.2465155},
ISSN={},
month={Dec},}

@INPROCEEDINGS{yu,
author={ {Bai yu} and {Zhang Liyi} and {Teng Jianfu}},
booktitle={2007 IET Conference on Wireless, Mobile and Sensor Networks (CCWMSN07)},
title={The application of the CMA blind equalization in UHF RFID system},
year={2007},
volume={},
number={},
pages={326-329},
keywords={blind equalisers;computational complexity;error statistics;intersymbol interference;radiofrequency identification;signal processing;UHF devices;CMA blind equalization;UHF passive RFID system;modulated backscatter signals;responds reader interrogation command;multipath fading;intersymbol interference;constant-modulus blind equalization algorithm;bit error rate;channel adaptation capability;computational complexity;signal processing;UHF RFID;CMA;Blind Equalization;ISI},
doi={10.1049/cp:20070149},
ISSN={},
month={Dec},}

