@ARTICLE{dvbs2, 
author={}, 
journal={ETSI EN 302 307 v1.1.1}, 
title={{Digital Video Broadcasting (DVB) Second generation framing structure, channel coding and modulation systems for Broadcasting, Interactive Services, News Gathering and other broadband satellite applications}}, 
year={2005}, 
volume={}, 
number={}, 
pages={}, 
keywords={}, 
doi={},
url = {},
ISSN={}, 
month={},}

@ARTICLE{ldpcbch, 
author={Y. {Zhang} and W. E. {Ryan}}, 
journal={IEEE Transactions on Communications}, 
title={{Toward low LDPC-code floors: a case study}}, 
year={2009}, 
volume={57}, 
number={6}, 
pages={1566-1573}, 
keywords={}, 
doi={10.1109/TCOMM.2009.06.0700712},
url = {https://doi.org/10.1109/TCOMM.2009.06.0700712},
ISSN={0090-6778}, 
month={June},}
@article{ldpc,
 author = {R.Gallager},
 title = {{Low-density parity check codes}},
 journal = {IRE Trans.Information Theory},
 issue_date = {Jan 1962},
 month = Jan,
 year = {1962},
 issn = {1542-0973},
 pages = {21-28}}
@article{minsum,
 author = {Niclas Wiberg},
 title = {{Codes and Decoding on General Graphs}},
 journal = {Phd Dissertation,Linkoping University,Sweden},
 issue_date = {1996},
 year = {1996}}
@INPROCEEDINGS{llr, 
author={V. B. {Olivatto} and R. R. {Lopes} and E. R. {de Lima}}, 
booktitle={2015 IEEE International Conference on Communication, Networks and Satellite (COMNESTAT)}, 
title={{Simplified LLR calculation for DVB-S2 LDPC decoder}}, 
year={2015}, 
volume={}, 
number={}, 
pages={26-31}, 
keywords={}, 
doi={10.1109/COMNETSAT.2015.7434300},
url = {https://doi.org/10.1109/COMNETSAT.2015.7434300}, 
ISSN={}, 
month={Dec},}
@ARTICLE{max-log, 
author={M. {Martina} and G. {Masera} and S. {Papaharalabos} and P. T. {Mathiopoulos} and F. {Gioulekas}}, 
journal={IEEE Transactions on Instrumentation and Measurement}, 
title={{On Practical Implementation and Generalizations of $ \max^{\ast}$ Operator for Turbo and LDPC Decoders}}, 
year={2012}, 
volume={61}, 
number={4}, 
pages={888-895}, 
keywords={}, 
doi={10.1109/TIM.2011.2173045},
url = {https://doi.org/10.1109/TIM.2011.2173045}, 
ISSN={0018-9456}, 
month={April},}@ARTICLE{time_offset, 
author={F. {Gardner}}, 
journal={IEEE Transactions on Communications}, 
title={{A BPSK/QPSK Timing-Error Detector for Sampled Receivers}}, 
year={1986}, 
volume={34}, 
number={5}, 
pages={423-429}, 
url   = {https://doi.org/10.1109/TCOM.1986.1096561},
ISSN={0090-6778}, 
month={May},}

@ARTICLE{freq_offset, 
author={M. {Luise} and R. {Reggiannini}}, 
journal={IEEE Transactions on Communications}, 
title={{Carrier frequency recovery in all-digital modems for burst-mode transmissions}}, 
year={1995}, 
volume={43}, 
number={2/3/4}, 
pages={1169-1178}, 
url   = {https://doi.org/10.1109/26.380149},
ISSN={0090-6778}, 
month={Feb},}

@article{phase_offset,
author = {Casini, E. and Gaudenzi, R. De and Ginesi, A.},
title = {{DVB-S2 modem algorithms design and performance over typical satellite channels}},
journal = {International Journal of Satellite Communications and Networking},
volume = {22},
number = {3},
pages = {281-318},
keywords = {broadband communications, digital pre-distortion, nonlinear satellite channels, satellite digital 
broadcasting, synchronization},
doi = {10.1002/sat.791},
url = {https://onlinelibrary.wiley.com/doi/abs/10.1002/sat.791},
eprint = {https://onlinelibrary.wiley.com/doi/pdf/10.1002/sat.791},
year = {2004}
}


@ARTICLE{agc, 
author={R. {De Gaudenzi} and M. {Luise}}, 
journal={IEEE Transactions on Communications}, 
title={{Analysis and design of an all-digital demodulator for trellis coded 16-QAM transmission over a nonlinear satellite channel}}, 
year={1995}, 
volume={43}, 
number={2/3/4}, 
pages={659-668},  
url   = {https://doi.org/10.1109/26.380085},
doi={10.1109/26.380085}, 
ISSN={0090-6778}, 
month={Feb},}


@INPROCEEDINGS{frame_offset, 
author={H. {Miyashiro} and E. {Boutillon} and C. {Roland} and J. {Vilca} and D. {DÃ­az}}, 
booktitle={2016 IEEE International Workshop on Signal Processing Systems (SiPS)}, 
title={{Improved Multiplierless Architecture for Header Detection in DVB-S2 Standard}}, 
year={2016}, 
volume={}, 
number={}, 
pages={248-253}, 
keywords={}, 
doi={10.1109/SiPS.2016.51}, 
url   = {https://doi.org/10.1109/SiPS.2016.51},
ISSN={2374-7390}, 
month={Oct},}@article{dvb,
 author = {Morello, Alberto and Mignone, Vittoria},
 title = {{DVB-S2X: The New Extensions to the Second Generation DVB Satellite Standard DVB-S2}},
 journal = {Int. J. Satell. Commun. Netw.},
 issue_date = {May 2016},
 volume = {34},
 number = {3},
 month = may,
 year = {2016},
 issn = {1542-0973},
 pages = {323--325},
 numpages = {3},
 url = {https://doi.org/10.1002/sat.1167},
 doi = {10.1002/sat.1167},
 acmid = {3129542},
 publisher = {John Wiley \& Sons, Inc.},
 address = {New York, NY, USA},
 keywords = {Broadband, Broadcast, DTH, DVB, DVB-S2X, satellite},} 
