% Encoding: UTF-8

@Electronic{ettus,
  author = {Ettus Research},
  title  = {Building and Installing the USRP Open-Source Toolchain (UHD and GNU Radio) on Linux},
  url    = {https://kb.ettus.com/Building_and_Installing_the_USRP_Open-Source_Toolchain_(UHD_and_GNU_Radio)_on_Linux},
}

@Comment{jabref-meta: databaseType:bibtex;}
