@ARTICLE{time_offset, 
author={F. {Gardner}}, 
journal={IEEE Transactions on Communications}, 
title={{A BPSK/QPSK Timing-Error Detector for Sampled Receivers}}, 
year={1986}, 
volume={34}, 
number={5}, 
pages={423-429}, 
url   = {https://doi.org/10.1109/TCOM.1986.1096561},
ISSN={0090-6778}, 
month={May},}

@ARTICLE{freq_offset, 
author={M. {Luise} and R. {Reggiannini}}, 
journal={IEEE Transactions on Communications}, 
title={{Carrier frequency recovery in all-digital modems for burst-mode transmissions}}, 
year={1995}, 
volume={43}, 
number={2/3/4}, 
pages={1169-1178}, 
url   = {https://doi.org/10.1109/26.380149},
ISSN={0090-6778}, 
month={Feb},}

@article{phase_offset,
author = {Casini, E. and Gaudenzi, R. De and Ginesi, A.},
title = {{DVB-S2 modem algorithms design and performance over typical satellite channels}},
journal = {International Journal of Satellite Communications and Networking},
volume = {22},
number = {3},
pages = {281-318},
keywords = {broadband communications, digital pre-distortion, nonlinear satellite channels, satellite digital 
broadcasting, synchronization},
doi = {10.1002/sat.791},
url = {https://onlinelibrary.wiley.com/doi/abs/10.1002/sat.791},
eprint = {https://onlinelibrary.wiley.com/doi/pdf/10.1002/sat.791},
year = {2004}
}


@ARTICLE{agc, 
author={R. {De Gaudenzi} and M. {Luise}}, 
journal={IEEE Transactions on Communications}, 
title={{Analysis and design of an all-digital demodulator for trellis coded 16-QAM transmission over a nonlinear satellite channel}}, 
year={1995}, 
volume={43}, 
number={2/3/4}, 
pages={659-668},  
url   = {https://doi.org/10.1109/26.380085},
doi={10.1109/26.380085}, 
ISSN={0090-6778}, 
month={Feb},}

@ARTICLE{dfe,
author={C. A. {Belfiore} and J. H. {Park}},
journal={Proceedings of the IEEE},
title={Decision feedback equalization},
year={1979},
volume={67},
number={8},
pages={1143-1156},
doi={10.1109/PROC.1979.11409},
ISSN={1558-2256},
month={Aug},}

@ARTICLE{MLSE,
author={G. {Forney}},
journal={IEEE Transactions on Information Theory},
title={Maximum-likelihood sequence estimation of digital sequences in the presence of intersymbol interference},
year={1972},
volume={18},
number={3},
pages={363-378},
keywords={Intersymbol interference;Sequence estimation;maximum-likelihood (ML) estimation},
doi={10.1109/TIT.1972.1054829},
ISSN={1557-9654},
month={May},}

@book{Proakis,
  added-at = {2010-12-21T17:57:51.000+0100},
  author = {Proakis},
  biburl = {https://www.bibsonomy.org/bibtex/21063a317d5f001f93d8907c976b7ef5c/jabreftest},
  file = {:./eBooks/Digital Communications 5th Edition.pdf:PDF},
  interhash = {82ded60abc9c500235c8114f8d3727f8},
  intrahash = {1063a317d5f001f93d8907c976b7ef5c},
  keywords = {},
  publisher = {McGraw Hill},
  timestamp = {2010-12-21T17:57:51.000+0100},
  title = {Digital Communications 5th Edition},
  year = 2007
}

@ARTICLE{viterbi,
author={G. D. {Forney}},
journal={Proceedings of the IEEE},
title={The viterbi algorithm},
year={1973},
volume={61},
number={3},
pages={268-278},
keywords={Viterbi algorithm;Markov processes;State estimation;Recursive estimation;Digital communication;Algorithm design and analysis;Decoding;Convolutional codes;Stochastic processes},
doi={10.1109/PROC.1973.9030},
ISSN={1558-2256},
month={March},}

@book{LMS,
  added-at = {2009-06-26T15:25:19.000+0200},
  address = {Upper Saddle River, NJ},
  author = {Haykin, Simon},
  biburl = {https://www.bibsonomy.org/bibtex/2882c1a0c150f55c839019a630dcea8fd/butz},
  description = {diverse cognitive systems bib},
  edition = {4th},
  interhash = {e48054600f4582c8b57c23ea916e89b5},
  intrahash = {882c1a0c150f55c839019a630dcea8fd},
  keywords = {imported},
  publisher = {Prentice Hall},
  timestamp = {2009-06-26T15:25:33.000+0200},
  title = {Adaptive filter theory},
  year = 2002
}

@INPROCEEDINGS{frame_offset, 
author={H. {Miyashiro} and E. {Boutillon} and C. {Roland} and J. {Vilca} and D. {Díaz}}, 
booktitle={2016 IEEE International Workshop on Signal Processing Systems (SiPS)}, 
title={{Improved Multiplierless Architecture for Header Detection in DVB-S2 Standard}}, 
year={2016}, 
volume={}, 
number={}, 
pages={248-253}, 
keywords={}, 
doi={10.1109/SiPS.2016.51}, 
url   = {https://doi.org/10.1109/SiPS.2016.51},
ISSN={2374-7390}, 
month={Oct},}
@misc{eq,
  added-at = {2014-04-17T08:33:06.000+0200},
  author = {John, Cioffi},
  biburl = {https://www.bibsonomy.org/bibtex/23db66df0fc9fa2b5033f096a901f1c36/ngnn},
  interhash = {423c2cdff70ba0cd0bca55ebb164d770},
  intrahash = {3db66df0fc9fa2b5033f096a901f1c36},
  keywords = {MMSE-FIR},
  timestamp = {2014-04-17T08:33:06.000+0200},
  title = {{Digital communications}},
  url = {https://ee.stanford.edu/~cioffi/doc/book/chap3.pdf},
  year = 2018
}

© 2019 GitHub, Inc.
Terms
Privacy
Security
Status
Help
Contact GitHub
Pricing
API
Training
Blog
About
