% Encoding: UTF-8
@INPROCEEDINGS{LDPC_schedule,
author={E. Sharon and S. Litsyn and J. Goldberger},
booktitle={Electrical and Electronics Engineers in Israel, 2004. Proceedings. 2004 23rd IEEE Convention of},
title={An efficient message-passing schedule for LDPC decoding},
year={2004},
pages={223-226},
keywords={computational complexity;graph theory;iterative decoding;message passing;parity check codes;scheduling;LDPC decoding;asymptotic analysis;bipartite graph;check nodes;code graph;concentration theorem;decoding schedule;density evolution algorithm;flooding schedule;iteration;iterative decoding;low-density parity-check codes;message-passing schedule;serial schedule;symbol nodes;Algorithm design and analysis;Channel capacity;Convergence;Floods;Iterative algorithms;Iterative decoding;Jacobian matrices;Message passing;Parity check codes;Scheduling algorithm},
doi={10.1109/EEEI.2004.1361130},
month={Sept},}

@INPROCEEDINGS{sync_rx, 
author={P. Savvopoulos and N. Papandreou and T. Antonakopoulos}, 
booktitle={2009 12th Euromicro Conference on Digital System Design, Architectures, Methods and Tools}, 
title={Architecture and DSP Implementation of a DVB-S2 Baseband Demodulator}, 
year={2009}, 
volume={}, 
number={}, 
pages={441-448}, 
abstract={This paper presents the design and implementation of a baseband demodulator for DVB-S2 satellite receivers. In order to meet the requirements of different complex and multidomain signal processing stages of the DVB-S2 baseband signal-flow, the presented architecture is based on efficient fixed-point implementation of the various demodulation algorithms and on the use of a dynamic time-sharing scheduler for the various DSP software tasks. The prototyping of the demodulator and its verification in the design of a complete digital DVB-S2 satellite receiver using a versatile testbed is also presented.}, 
keywords={demodulators;digital signal processing chips;digital video broadcasting;direct broadcasting by satellite;radio receivers;DSP implementation;DVB-S2 baseband demodulator;DVB-S2 satellite receivers;multidomain signal processing stages;DVB-S2 baseband signal-flow;fixed-point implementation;dynamic time-sharing scheduler;DSP software tasks;demodulator prototyping;versatile testbed;Digital signal processing;Digital video broadcasting;Baseband;Demodulation;Satellites;Signal processing algorithms;Signal processing;Computer architecture;Software algorithms;Scheduling algorithm}, 
doi={10.1109/DSD.2009.228}, 
ISSN={}, 
month={Aug},}
@ARTICLE{LDPC_reduced_complexity_decoding,
author={Jinghu Chen and A. Dholakia and E. Eleftheriou and M. P. C. Fossorier and Xiao-Yu Hu},
journal={IEEE Transactions on Communications},
title={Reduced-Complexity Decoding of LDPC Codes},
year={2005},
volume={53},
number={8},
pages={1288-1299},
keywords={approximation theory;computational complexity;iterative decoding;maximum likelihood decoding;parity check codes;quantisation (signal);LDPC codes;LLR-BP decoding;check-node update;computational-complexity;finite quantization effects;log-likelihood-ratio-based belief-propagation decoding;low-density parity-check codes;memory-requirement perspective;min-sum approximation;reduced-complexity decoding;symbol-node update;Algorithm design and analysis;Approximation algorithms;Computational modeling;Delay;Iterative algorithms;Iterative decoding;Parity check codes;Performance analysis;Quantization;Sum product algorithm;Belief-propagation (BP) decoding;density evolution (DE);iterative decoding;low-density parity-check (LDPC) codes;reduced-complexity decoding},
doi={10.1109/TCOMM.2005.852852},
ISSN={0090-6778},
month={Aug},}

@ARTICLE{Min_sum_modified,
author={Jianguang Zhao and F. Zarkeshvari and A. H. Banihashemi},
journal={IEEE Transactions on Communications},
title={On implementation of min-sum algorithm and its modifications for decoding low-density Parity-check (LDPC) codes},
year={2005},
volume={53},
number={4},
pages={549-554},
keywords={decoding;error statistics;optimisation;parity check codes;belief-propagation algorithm;decoding complexity;intermediate block length;low-density parity-check code;min-sum algorithm;signal-to-noise ratio;AWGN;Additive white noise;Broadband communication;Iterative algorithms;Iterative decoding;Parity check codes;Quantization;Signal to noise ratio;Systems engineering and theory;Wireless communication;Clipping;iterative decoding algorithms;low-density parity-check (LDPC) codes;max-product algorithm;max-sum algorithm;min-sum algorithm;modified min-sum algorithms;quantization},
doi={10.1109/TCOMM.2004.836563},
ISSN={0090-6778},
month={April},}

@INPROCEEDINGS{SPA_LDPC,
author={Xiao-Yu Hu and E. Eleftheriou and D. M. Arnold and A. Dholakia},
booktitle={Global Telecommunications Conference, 2001. GLOBECOM '01. IEEE},
title={Efficient implementations of the sum-product algorithm for decoding LDPC codes},
year={2001},
volume={2},
pages={1036-1036E vol.2},
keywords={binary codes;block codes;computational complexity;iterative decoding;linear codes;quantisation (signal);table lookup;tree codes;trees (mathematics);trellis codes;LDPC codes;binary codes;iterative decoding;linear block code;log-likelihood ratios;low-density parity-check codes;parity-check nodes;quantization tables;reduced-complexity derivatives;sum-product algorithm;symbol nodes;tree topologies;trellis topologies;Computational complexity;Computational modeling;Decoding;Delay;Parity check codes;Performance loss;Quantization;Robustness;Sum product algorithm;Topology},
doi={10.1109/GLOCOM.2001.965575},
} 

@ARTICLE{QC_decoding,
author={K. Zhang and X. Huang and Z. Wang},
journal={IEEE Journal on Selected Areas in Communications},
title={High-throughput layered decoder implementation for quasi-cyclic {LDPC} codes},
year={2009},
volume={27},
number={6},
pages={985-994},
keywords={CMOS integrated circuits;application specific integrated circuits;cyclic codes;parity check codes;ASIC;CMOS;bit rate 2.2 Gbit/s;critical path splitting;crossbar-based large interconnect network;frequency 950 MHz;high-throughput decoder design;parallel layered decoding architecture;quasi-cyclic LDPC codes;quasi-cyclic low-density parity-check codes;size 90 nm;Application specific integrated circuits;CMOS process;Delay effects;Frequency synthesizers;Iterative decoding;Message passing;Parallel processing;Parity check codes;Pipelines;Throughput;Low-density parity-check codes, quasi-cyclic codes, parallel architecture, layered decoding, critical path splitting, min-sum algorithm, loosely coupled algorithm, VLSI.},
doi={10.1109/JSAC.2009.090816},
ISSN={0733-8716},
month={August},}

@ARTICLE{QC_encoding,
author={Seho Myung and Kyeongcheol Yang and Jaeyoel Kim},
journal={IEEE Transactions on Information Theory},
title={Quasi-cyclic {LDPC} codes for fast encoding},
year={2005},
volume={51},
number={8},
pages={2894-2901},
keywords={AWGN channels;block codes;channel coding;cyclic codes;matrix algebra;parity check codes;QC-LDPC;block-type LDPC code;circulant permutation matrix;encoding algorithm;quasicyclic low-density parity-check code;AWGN;Additive white noise;Algebra;Decoding;Encoding;Floors;Gaussian noise;Hamming weight;Noise level;Parity check codes;Block cycle;circulant permutation matrix;efficient encoding;low-density parity-check (LDPC) codes;quasi-cyclic codes},
doi={10.1109/TIT.2005.851753},
ISSN={0018-9448},
month={Aug},}

@book{wiberg1996codes,
  title={Codes and decoding on general graphs},
  author={Wiberg, Niclas},
  year={1996},
}

@ARTICLE{Fossorier,
author={M. P. C. Fossorier},
journal={IEEE Transactions on Information Theory},
title={Quasicyclic low-density parity-check codes from circulant permutation matrices},
year={2004},
volume={50},
number={8},
pages={1788-1793},
keywords={Hamming codes;cyclic codes;iterative decoding;matrix algebra;parity check codes;Hamming distance;LDPC code;QC;Tanner graph representation;circulant permutation matrix;girth value;iterative decoding;low-density parity-check;quasicyclic codes;AWGN;Additive white noise;Decoding;Geometry;Hamming distance;Information theory;Instruction sets;Matrix decomposition;Parity check codes;Sufficient conditions;Iterative decoding;LDPC;QC;codes;low-density parity-check;quasi-cyclic},
doi={10.1109/TIT.2004.831841},
ISSN={0018-9448},
month={Aug},}


@ARTICLE{Rich_Urbanke,
author={T. J. Richardson and R. L. Urbanke},
journal={IEEE Transactions on Information Theory},
title={The capacity of low-density parity-check codes under message-passing decoding},
year={2001},
volume={47},
number={2},
pages={599-618},
keywords={concatenated codes;error detection codes;error statistics;iterative decoding;memoryless systems;telecommunication channels;turbo codes;belief-propagation decoders;binary message-passing algorithm;binary-input memoryless channel;binary-symmetric channel;code capacity;code length;code rate;concatenated coding;continuous output alphabet;decoder performance;discrete output alphabet;error probability;iterative decoding;low-density parity-check codes;message-passing decoding;outer code;turbo codes;Capacity planning;Concatenated codes;Equations;Iterative algorithms;Iterative decoding;Linear code;Memoryless systems;Parity check codes;Propagation losses;Turbo codes},
doi={10.1109/18.910577},
ISSN={0018-9448},
month={Feb},}


@ARTICLE{MacKay_Neal,
author={D. J. C. MacKay and R. M. Neal},
journal={Electronics Letters},
title={Near Shannon limit performance of low density parity check codes},
year={1996},
volume={32},
number={18},
pages={1645-},
keywords={Gaussian channels;error correction codes;ECC;Gaussian channels;empirical performance;low density parity check codes;near Shannon limit performance},
doi={10.1049/el:19961141},
ISSN={0013-5194},
month={Aug},}

@ARTICLE{Forney_LDPC,
author={Sae-Young Chung and G. D. Forney and T. J. Richardson and R. Urbanke},
journal={IEEE Communications Letters},
title={On the design of low-density parity-check codes within 0.0045 dB of the Shannon limit},
year={2001},
volume={5},
number={2},
pages={58-60},
keywords={AWGN channels;block codes;decoding;error statistics;linear programming;AWGN channel;Shannon limit;binary-input additive white Gaussian noise channel;bit error rate;block length;code construction;iterative linear programming;low-density parity-check codes;rate 1/2 code;simulation results;sum-product decoding;AWGN;Additive white noise;Bit error rate;Decoding;H infinity control;Laboratories;Parity check codes;Quantization;Sum product algorithm;Turbo codes},
doi={10.1109/4234.905935},
ISSN={1089-7798},
month={Feb},}


@ARTICLE{Gallager,
author={R. Gallager},
journal={IRE Transactions on Information Theory},
title={Low-density parity-check codes},
year={1962},
volume={8},
number={1},
pages={21-28},
keywords={Error-correcting codes;Parity checks;Channel capacity;Communication systems;Data communication;Equations;Error correction codes;Error probability;Information theory;Linear approximation;Maximum likelihood decoding;Parity check codes},
doi={10.1109/TIT.1962.1057683},
ISSN={0096-1000},
month={January},}

@ARTICLE{IEEE_802.16e, 
author={}, 
journal={IEEE Std. 802.16e-2012}, 
title={{IEEE Standard for Air Interface for Broadband Wireless Access Systems}}, 
year={2012}, 
volume={}, 
}


@article{SPA,
  title={Factor graphs and the sum-product algorithm},
  author={Kschischang, Frank R and Frey, Brendan J and Loeliger, H-A},
  journal={IEEE Transactions on information theory},
  volume={47},
  number={2},
  pages={498--519},
  year={2001},
  publisher={IEEE}
}

@ARTICLE{Adaptive,
author={Jeongseok Ha and Jaehong Kim and S. W. McLaughlin},
journal={IEEE Transactions on Information Theory},
title={Rate-compatible puncturing of low-density parity-check codes},
year={2004},
volume={50},
number={11},
pages={2824-2836},
keywords={AWGN channels;decoding;error correction codes;parity check codes;AWGN channels;LDPC codes;additive white Gaussian noise;decoder;low-density parity-check codes;mother encoder;punctured code;puncturing patterns;rate-compatible puncturing;threshold performance;AWGN;Additive white noise;Automatic repeat request;Bipartite graph;Decoding;Equations;Parity check codes;Performance loss;Sparse matrices;Time-varying channels;Capacity-approaching code;LDPC;code;low-density parity-check;puncturing},
doi={10.1109/TIT.2004.836667},
ISSN={0018-9448},
month={Nov},}

@TechReport{dvbs2,
  title       = {{D}igital {V}ideo Broadcasting ({DVB});{S}econd generation framing structure, channel coding and modulation systems for {B}roadcasting, {I}nteractive {S}ervices, {News Gathering} and other broadband satellite applications},
  institution = {ETSI},
  year        = {2014},
  url         = {http://www.etsi.org/deliver/etsi\_en/302300\_302399/30230701/01.04.01\_60/en\_30230701v010401p.pdf},
}

@Article{pgz,
  author  = {Daniel Gorenstein and W. Wesley Peterson and Neal Zierler},
  title   = {Two-error correcting Bose-Chaudhuri codes are quasi-perfect},
  journal = {Information and Control},
  year    = {1960},
  volume  = {3},
  number  = {3},
  pages   = {291 - 294},
  issn    = {0019-9958},
  doi     = {http://dx.doi.org/10.1016/S0019-9958(60)90877-9},
  url     = {http://www.sciencedirect.com/science/article/pii/S0019995860908779},
}
@ARTICLE{bm, 
author={J. Massey}, 
journal={IEEE Transactions on Information Theory}, 
title={Shift-register synthesis and BCH decoding}, 
year={1969}, 
volume={15}, 
number={1}, 
pages={122-127}, 
keywords={BCH codes;Decoding;Shift-register sequences;Contracts;Delay;Galois fields;Iterative algorithms;Iterative decoding;Linear feedback shift registers;Output feedback;Space technology;Tin}, 
doi={10.1109/TIT.1969.1054260}, 
ISSN={0018-9448}, 
month={Jan},}
@Comment{jabref-meta: databaseType:bibtex;}
