@article{dvb,
 author = {Morello, Alberto and Mignone, Vittoria},
 title = {{DVB-S2X: The New Extensions to the Second Generation DVB Satellite Standard DVB-S2}},
 journal = {Int. J. Satell. Commun. Netw.},
 issue_date = {May 2016},
 volume = {34},
 number = {3},
 month = may,
 year = {2016},
 issn = {1542-0973},
 pages = {323--325},
 numpages = {3},
 url = {https://doi.org/10.1002/sat.1167},
 doi = {10.1002/sat.1167},
 acmid = {3129542},
 publisher = {John Wiley \& Sons, Inc.},
 address = {New York, NY, USA},
 keywords = {Broadband, Broadcast, DTH, DVB, DVB-S2X, satellite},} 